@BOOK{Smith:2012qr,
	title = {{B}ook {T}itle},
	publisher = {Publisher},
	author = {Smith, J.~M. and Jones, A.~B.},
	year = {2012},
	edition = {7th},
}

@ARTICLE{Smith:2013jd,
	author = {Jones, A.~B. and Smith, J.~M.},
	title = {{A}rticle {T}itle},
	journal = {Journal title},
	year = {2013},
	volume = {13},
	pages = {123-456},
	number = {52},
	month = {March},
	publisher = {Publisher}
}

@misc{website:java-set,
  author = {Java Docs},
  title = {{Interface Set}},
  howpublished = "\url{http://docs.oracle.com/javase/7/docs/api/java/util/Set.html}",
  year = {2013}, 
  note = "[Online; accessed 19-11-2013]"
}

@misc{website:java-HashSet,
  author = {Java Docs},
  title = {{Class HashSet}},
  howpublished = "\url{http://docs.oracle.com/javase/7/docs/api/java/util/HashSet.html}",
  year = {2013}, 
  note = "[Online; accessed 19-11-2013]"
}

@misc{website:java-TreeSet,
  author = {Java Docs},
  title = {{Class TreeSet}},
  howpublished = "\url{http://docs.oracle.com/javase/7/docs/api/java/util/TreeSet.html}",
  year = {2013}, 
  note = "[Online; accessed 19-11-2013]"
}
